@online{k8s-docs,
  title = {Kubernetes Documentation},
  url = {https://kubernetes.io/docs/},
  note = {Dostęp: 2024-01-19}
}
@online{k8s-blog,
  title = {Kubernetes Blog},
  url = {https://kubernetes.io/blog/},
  note = {Dostęp: 2024-01-19}
}
@online{k8s-github,
  title = {Kubernetes GitHub Repository},
  url = {https://github.com/kubernetes/kubernetes},
  note = {Dostęp: 2024-01-19}
}
@online{client-go-docs,
  title = {Go Client Library for Kubernetes (client-go) Documentation},
  url = {https://pkg.go.dev/k8s.io/client-go},
  note = {Dostęp: 2024-01-19}
}